@article{Sako00,
  author = "Yusaku Sako and Kikuo Fujimura",
  title = "Shape Similarity by Homotropic Deformation",
  journal = "The Visual Computer",
  volume = 16,
  number = 1,
  pages = "47--61",
  publisher = "Springer-Verlag",
  year = 2000,
}

@ARTICLE{advert,
   author = "Sony- BRAVIA",
   title = {Boucy Balls Advert\\ http://www.youtube.com/watch?v=-zOrV-5vh1A },
   journal = {Accessed: Oct 2014},
   volume = {},
   pages = {},
   year = {2008}
}